% for more entry types and optional parameters see
% http://ctan.mirrorcatalogs.com/macros/latex/contrib/biblatex/doc/biblatex.pdf

@article{samplearticle,
	author = {Andrew Author},
	title = {Title of the article in given journal},
	journaltitle = {Title of the given journal},
	year = {year of publication},
	% optional parameters
	%editor = {},
	%volume = {},
	%number ={},
	%month ={},
	%pages = {},
	%url = {},
	%urldate = {},
}

@book{samplebook,
	author = {Andrew Author and Beatrix Buthor and Cornelis Cuthor},
	title = {Title of the book},
	year = {year of publication},
	% optional parameters
	%editor = {},
	%subtitle = {},
	%volume = {},
	%part = {},
	%edition = {},
	%publisher = {},
	%location = {},
	%chapter = {},
	%pages = {},
	%url = {},
	%urldate = {},
}

@online{sampleonline,
	author = {Beatrix Buthor},
	title = {Title of the online resource},
	year = {year of publication},
	url = {url.of.resource},
	% optional parameters
	%organization = {},
	%urldate = {},
}

@thesis{samplethesis,
	author = {Andrew Author},
	title = {Title of the given thesis},
	type = {Type of the given thesis},
	institution = {University},
	year = {year of publication},
	% optional parameters
	%chapter = {},
	%pages = {},
	%doi = {},
	%url = {},
	%urldate = {},
}

@online{Physikanten,
	author = {Christopher Sang},
	title = {Experimente},
	year = {2014},
	url = {http://physikanten.de/experimente},
	% optional parameters
	organization = {Physikanten},
	urldate = {07.12.2014},
}
